@inproceedings{itf-ref0,
  title={Construction of fractal objects with iterated function systems},
  author={Demko, Stephen and Hodges, Laurie and Naylor, Bruce},
  booktitle={Proceedings of the 12th annual conference on Computer graphics and interactive techniques},
  pages={271--278},
  year={1985}
}

@article{itf-ref1,
  title={Equidistribution from fractal measures},
  author={Hochman, Michael and Shmerkin, Pablo},
  journal={Inventiones mathematicae},
  volume={202},
  number={1},
  pages={427--479},
  year={2015},
  publisher={Springer}
}


@article{itf-ref2,
  title={Generic family with robustly infinitely many sinks},
  author={Berger, Pierre},
  journal={Inventiones mathematicae},
  volume={205},
  number={1},
  pages={121--172},
  year={2016},
  publisher={Springer}
}

@misc{itf-ref3,
  title={Classic Iterated Function Systems},
  url={https://larryriddle.agnesscott.org/ifs/ifs.htm},
  journal={Iterated Function Systems},
  publisher={Agnes Scott College},
  author={Riddle, Larry},
  year={2020},
  month={May}
}

@article{small-world-paper,
  title={Collective dynamics of ‘small-world’networks},
  author={Watts, Duncan J and Strogatz, Steven H},
  journal={nature},
  volume={393},
  number={6684},
  pages={440--442},
  year={1998},
  publisher={Nature Publishing Group}
}

@article{small-world-milgram,
  title={The small world problem},
  author={Milgram, Stanley},
  journal={Psychology today},
  volume={2},
  number={1},
  pages={60--67},
  year={1967},
  publisher={New York}
}

@book{small-world-popular-book,
  title={Six Degrees: The Science of a Connected Age},
  author={Watts, D.J.},
  isbn={9780393076127},
  year={2004},
  publisher={W. W. Norton}
}

@book{small-world-textbook,
  title={Small Worlds: The Dynamics of Networks Between Order and Randomness},
  author={Watts, D.J.},
  isbn={9780691117041},
  lccn={98056088},
  series={Princeton studies in complexity},
  year={2004},
  publisher={Princeton University Press}
}



@article{small-world-review,
  title={On the properties of small-world network models},
  author={Barrat, Alain and Weigt, Martin},
  journal={The European Physical Journal B-Condensed Matter and Complex Systems},
  volume={13},
  number={3},
  pages={547--560},
  year={2000},
  publisher={Springer}
}